<record><leader>00000cas a22000007a 4500</leader><controlfield tag="001">15157992</controlfield><controlfield tag="008">870206d19141976inuwr ne      0    0eng d</controlfield><datafield ind1=" " ind2=" " tag="010"><subfield code="a">sn 87055208 </subfield></datafield><datafield ind1=" " ind2=" " tag="040"><subfield code="a">NPI</subfield><subfield code="b">eng</subfield><subfield code="c">NPI</subfield><subfield code="d">OCLCQ</subfield></datafield><datafield ind1=" " ind2=" " tag="042"><subfield code="a">msc</subfield></datafield><datafield ind1="0" ind2="0" tag="245"><subfield code="a">South Whitley tribune.</subfield></datafield><datafield ind1="1" ind2="3" tag="246"><subfield code="a">Pierceton news</subfield></datafield><datafield ind1=" " ind2=" " tag="260"><subfield code="a">South Whitley, Ind. :</subfield><subfield code="b">Stump Print. Co.,</subfield><subfield code="c">-1976.</subfield></datafield><datafield ind1=" " ind2=" " tag="300"><subfield code="a">v.</subfield></datafield><datafield ind1=" " ind2=" " tag="310"><subfield code="a">Weekly</subfield></datafield><datafield ind1="1" ind2=" " tag="362"><subfield code="a">Began in 1914?</subfield></datafield><datafield ind1="0" ind2=" " tag="362"><subfield code="a">-v. 90, no. 34 (Jan. 29, 1976).</subfield></datafield><datafield ind1=" " ind2=" " tag="500"><subfield code="a">Inner section has title: The Pierceton news; May 8, 1975-Jan. 29, 1976. This section has its own numbering scheme; Dec. 4, 1975-Jan. 29, 1976.</subfield></datafield><datafield ind1=" " ind2=" " tag="588"><subfield code="a">Description based on: Vol. 52, no. 30 (Feb. 25, 1936).</subfield></datafield><datafield ind1=" " ind2=" " tag="752"><subfield code="a">United States</subfield><subfield code="b">Indiana</subfield><subfield code="c">Whitley</subfield><subfield code="d">South Whitley.</subfield></datafield><datafield ind1=" " ind2=" " tag="752"><subfield code="a">United States</subfield><subfield code="b">Indiana</subfield><subfield code="c">Kosciusko</subfield><subfield code="d">Pierceton.</subfield></datafield><datafield ind1="0" ind2="0" tag="780"><subfield code="t">Whitley County news</subfield></datafield><datafield ind1="0" ind2="0" tag="785"><subfield code="t">South Whitley tribune-Pierceton news</subfield><subfield code="w">(DLC)sn 97068702</subfield></datafield><datafield ind1="1" ind2=" " tag="029"><subfield code="a">AU@</subfield><subfield code="b">000020457399</subfield></datafield></record>